@online{nema15:_dicom_ps3,
  author =    {NEMA},
  title =     {DICOM PS3.2 2015c - Conformance},
  year = {2015},
  url =    	  {http://dicom.nema.org/medical/dicom/current/output/html/part02.html},
  OPTdate =    2015
  }